@book{mackay2003information,
  title={Information theory, inference and learning algorithms},
  author={MacKay, David JC},
  year={2003},
  publisher={Cambridge university press}
}
@misc{1,
  title = {{tageswerte\_KL\_03379\_akt.zip}},
  howpublished = {\url{https://opendata.dwd.de/climate_environment/CDC/observations_germany/climate/daily/kl/recent/tageswerte\_KL\_03379\_akt.zip}},
  note = {Accessed: 2024-01-11}
}
@misc{2,
  title = {{tageswerte\_KL\_03379\_19540601\_20221231\_hist.zip}},
  howpublished = {\url{https://opendata.dwd.de/climate_environment/CDC/observations_germany/climate/daily/kl/historical/tageswerte\_KL\_03379\_19540601\_20221231\_hist.zip}},
  note = {Accessed: 2024-01-11}
}
@misc{3,
  title = {{stundenwerte\_RR\_03379\_akt.zip}},
  howpublished = {\url{https://opendata.dwd.de/climate_environment/CDC/observations_germany/climate/hourly/precipitation/recent/stundenwerte\_RR\_03379\_akt.zip}},
  note = {Accessed: 2024-01-11}
}
@misc{4,
  title = {{stundenwerte\_RR\_03379\_19970707\_20221231\_hist.zip}},
  howpublished = {\url{https://opendata.dwd.de/climate_environment/CDC/observations_germany/climate/hourly/precipitation/historical/stundenwerte\_RR\_03379\_19970707\_20221231\_hist.zip}},
  note = {Accessed: 2024-01-11}
}
@book{thonield,
  title={Essential Math for Data Science},
  author={Nield, Thomas},
  year={2022},
  publisher={O'Reilly Media, Inc.}
}